
@book{Montgomery-DOE-2017,
	Author = {D.~C. Montgomery},
	Date-Added = {2017-11-11 09:28:42 +0000},
	Date-Modified = {2017-11-11 09:28:42 +0000},
	Edition = {9th},
	Publisher = {John Wiley and Sons, Inc.},
	Title = {Design and Analysis of Experiments},
	Year = {2017}
}

@article{CMjoco,
	Author = {C. J. Colbourn and D. W. McClary},
	Date-Added = {2017-10-20 13:45:11 +0000},
	Date-Modified = {2017-10-20 13:45:11 +0000},
	Journal = {Journal of Combinatorial Optimization},
	Pages = {17--48},
	Title = {Locating and Detecting Arrays for Interaction Faults},
	Volume = {15},
	Year = {2008}
}

@article{Compton-et-al-LA,
	Author = {C. J. Colbourn and E. {De Poorter} and M. T. Mehari and Ingrid Moerman and V. R. Syrotiuk},
	Date-Added = {2017-11-11 08:36:51 +0000},
	Date-Modified = {2017-11-11 08:36:51 +0000},
	Journal = {Submitted for publication},
	Title = {An Efficient Screening Method for Identifying Parameters and Interactions that Impact Wireless Network Performance}
}

@article{AldacoCS15,
	Author = {A.~N. Aldaco and C.~J. Colbourn and V.~R. Syrotiuk},
	Date-Added = {2017-11-11 08:36:40 +0000},
	Date-Modified = {2017-11-11 08:36:40 +0000},
	Journal = {SIGOPS Operating Systems Review},
	Month = {January},
	Number = {1},
	Pages = {31--40},
	Title = {Locating Arrays: A New Experimental Design for Screening Complex Engineered Systems},
	Volume = {49},
	Year = {2015}
}

@article{CSmics,
	Author = {C.~J. Colbourn and V.~R. Syrotiuk},
	Journal = {Mathematics in Computer Science},
	Month = {December},
	Volume = {12},
	Number = {4},
	Pages = {429--451},
	Title = {On a Combinatorial Framework for Fault Characterization},
	Year = {2018}
}

@inproceedings{mehari2017,
	Address = {New York, NY, USA},
	Author = {Mehari, Michael and Shahid, Adnan and Moerman, Ingrid and {De Poorter}, Eli},
	Booktitle = {Proceedings of the 15th ACM Conference on Embedded Network Sensor Systems},
	Doi = {10.1145/3131672.3136971},
	Location = {Delft, Netherlands},
	Numpages = {2},
	Publisher = {ACM},
	Series = {SenSys '17},
	Title = {Demo Abstract: An Intuitive Drag and Drop Framework for Wireless Network Experimentation},
	Year = {2017},
}

@inproceedings{seidelCNERT,
	Author = {S. A. Seidel and M. T. Mehari and C. J. Colbourn and E. {De Poorter} and I. Moorman and V. R. Syrotiuk},
	Title = {Analysis of large-scale experimental data from wireless networks},
	Booktitle = {IEEE INFOCOM International Workshop on Computer and Networking Experimental Research Using Testbeds (CNERT)},
	Year = {2018}
}

@inproceedings{seidelIWOCA,
	author = "Seidel, Stephen A. and Sarkar, Kaushik and Colbourn, Charles J. and Syrotiuk, Violet R.",
	editor = "Iliopoulos, Costas and Leong, Hon Wai and Sung, Wing-Kin",
	title = "Separating Interaction Effects Using Locating and Detecting Arrays",
	booktitle = "Combinatorial Algorithms [IWOCA 2018], Lecture Notes in Computer Science",
	year = "2018",
	volume = "10979",
	publisher = "Springer International Publishing",
	pages = "349--360"
}

@article{seidelIWOCA3,
	Author = {S. A. Seidel and K. Sarkar and C. J. Colbourn and V. R. Syrotiuk},
	Title = {Separating interaction effects using locating and detecting arrays},
	Booktitle = {International Workshop on Combinatorial Algorithms},
	Year = {2018},
	Editor = {Iliopoulos, Costas and Leong, Hon Wai and Sung, Wing-Kin}
}

@article{seidelIWOCA2,
	Author = {Seidel, Stephen A. and Sarkar, Kaushik and Colbourn, Charles J. and Syrotiuk, Violet R.},
	Editor = {Iliopoulos, Costas and Leong, Hon Wai and Sung, Wing-Kin},
	Title = {Separating Interaction Effects Using Locating and Detecting Arrays},
%	Booktitle = {Combinatorial Algorithms},
	Year = {2018},
	Journal = {Lecture Notes in Computer Science},
	Volume = {10979},
	Publisher = {Springer International Publishing},
	Pages = {349--360},
}

@article{SIS,
	Author = {J. Y. Liu and W. Zhong and R. Z. Li},
	Date-Added = {2017-10-20 13:45:11 +0000},
	Date-Modified = {2017-10-20 13:45:11 +0000},
	Journal = {Science China Mathematics},
	Pages = {2033--2054},
	Title = {A selective overview of feature screening for ultrahigh-dimensional data},
	Volume = {58},
	Year = {2015}
}

@article{IterativeSIS,
	Author = {Fan, Jianqing and Lv, Jinchi},
	Journal = {Journal of the Royal Statistical Society: Series B (Statistical Methodology)},
	Pages = {849--911},
	Volume = {70},
	Publisher = {Blackwell Publishing Ltd},
	Number = {5},
	Year = {2008},
	Title = {Sure independence screening for ultrahigh dimensional feature space}
}

@article{Akaike1974,
	Author = {H. Akaike},
	Date-Added = {2017-10-20 13:46:22 +0000},
	Date-Modified = {2017-10-20 13:46:22 +0000},
	Journal = {IEEE Transactions on Automatic Control},
	Month = {December},
	Number = {6},
	Pages = {716--723},
	Title = {A new look at the statistical model identification},
	Volume = {19},
	Year = {1974}
}

@article{Fay2010,
	Author = {M. Fay and M. Proschan},
	Date-Added = {2017-10-20 13:46:22 +0000},
	Date-Modified = {2017-10-20 13:46:22 +0000},
	Journal = {Statistics Surveys},
	Pages = {1--39},
	Title = {Wilcoxon-{M}ann-{W}hitney or t-test? On assumptions for hypothesis tests and multiple interpretations of decision rules},
	Volume = 4,
	Year = 2010
}

@article{Mann1947,
	Author = {Mann, Henry B and Whitney, Donald R},
	Date-Added = {2017-10-20 13:46:22 +0000},
	Date-Modified = {2017-10-20 13:46:22 +0000},
	Journal = {Annals of Mathematical Statistics},
	Number = 1,
	Pages = {50-60},
	Title = {On a test of whether one of two random variables is stochastically larger than the other},
	Volume = 18,
	Year = 1947
}

@article{Wilcoxon1945,
	Author = {Wilcoxon, Frank},
	Date-Added = {2017-10-20 13:46:22 +0000},
	Date-Modified = {2017-10-20 13:46:22 +0000},
	Journal = {Biometrics Bulletin},
	Month = dec,
	Number = {6},
	Pages = {80--83},
	Title = {Individual Comparisons by Ranking Methods},
	Volume = {1},
	Year = {1945}
}

@article{moser10,
	Author = {Moser, Robin A. and Tardos, G{\'a}bor},
	Fjournal = {Journal of the ACM},
	Journal = {J. ACM},
	Mrclass = {05D99 (68Q87 68W05)},
	Mrnumber = {2606086 (2011j:05354)},
	Mrreviewer = {Wenan Zang},
	Number = {2},
	Pages = {Art. 11, 15},
	Title = {A constructive proof of the general {L}ov\'asz local lemma},
	Volume = {57},
	Year = {2010}
}

@article{LovaszLocalLemma,
	Author = {Erd{\H{o}}s, P. and Lov{\'a}sz, L.},
	Title = {Problems and results on {$3$}-chromatic hypergraphs and some related questions},
	Journal = {Infinite and finite sets ({C}olloq., {K}eszthely, 1973 {V}ol. {II}, pp. 609--627. Colloq. Math. Soc. J\'anos Bolyai)},
	Pages = {609--627},
	Volume = {10},
	Year = {1975},
	Location = {North-Holland, Amsterdam}
}

@phdthesis{Sarkar,
	Author = {Kaushik Sarkar}, 
	title = {Covering Arrays: Algorithms and Asymptotics},
	school = {Arizona State University},
	year = {2016}
}

@article{Stein74,
	Title = {Two combinatorial covering theorems},
	Journal = {Journal of Combinatorial Theory, Series A},
	Volume = {16},
	Number = {3},
	Pages = {391--397},
	Year = {1974},
	Issn = {0097-3165},
	Author = {Stein, S. K.}
}

@article{Lovasz75,
	Title = {On the ratio of optimal integral and fractional covers},
	Journal = {Discrete Mathematics},
	Volume = {13},
	Number = {4},
	Pages = "383--390",
	Year = "1975",
	Issn = {0012-365X},
	Author = {Lov{\'a}sz, L.}
}

@article{Johnson74,
	Title = {Approximation algorithms for combinatorial problems},
	Journal = {Journal of Computer and System Sciences},
	Volume = {9},
	Number = {3},
	Pages = {256--278},
	Year = {1974},
	Author = {Johnson, D. S.}
}

@article{LiXiang2006Ridf,
	author = {Li, Xiang and Sudarsanam, Nandan and Frey, Daniel D.},
	title = {Regularities in data from factorial experiments},
	journal = {Complexity},
	volume = {11},
	number = {5},
	pages = {32--45},
	year = {2006}
}

